<?xml version="1.0" encoding="UTF-8"?><collection xmlns="http://www.loc.gov/MARC21/slim"><record><leader>00383nam--2200121-i-4500</leader><controlfield tag="001">000006649</controlfield><controlfield tag="002">20161230</controlfield><controlfield tag="005">20161230201026</controlfield><controlfield tag="008">060222s1000------------r-----000-0-eng-d</controlfield><datafield ind1=" " ind2=" " tag="100"><subfield code="a">Ageron, Paul, Reis, Th</subfield></datafield><datafield ind1=" " ind2=" " tag="245"><subfield code="a">Technologie des reacteurs nucleaires. reacteurs nucleaires a uranium naturel, graphite et gaz</subfield></datafield><datafield ind1=" " ind2=" " tag="260"><subfield code="a">Paris, Gauthier-villars, 1959-1964. Xiii+408 P</subfield></datafield><datafield ind1=" " ind2=" " tag="852"><subfield code="a">14573</subfield></datafield></record></collection>